<?xml version="1.0" encoding="UTF-8"?><collection xmlns="http://www.loc.gov/MARC21/slim"><record><leader>00617nam--2200181-u-4500</leader><controlfield tag="001">000054828</controlfield><controlfield tag="002">20161230</controlfield><controlfield tag="005">20161230201051</controlfield><controlfield tag="008">120618s1000------------r-----000-0-fre-d</controlfield><datafield ind1=" " ind2=" " tag="040"><subfield code="a">IFIN-HH</subfield></datafield><datafield ind1=" " ind2=" " tag="041"><subfield code="a">fre</subfield></datafield><datafield ind1=" " ind2=" " tag="080"><subfield code="a">539.172.15:539.144.3</subfield></datafield><datafield ind1="1" ind2=" " tag="100"><subfield code="a">Gales, Sydney</subfield></datafield><datafield ind1="1" ind2="0" tag="245"><subfield code="a">Etude des resources isobariques analogues dans les noyaux de la couche f-p au moyen des reactions (3he, d) et (3he, dp). composantes de coeur excite dnas la fonction d'onde des etats parents</subfield><subfield code="b">These</subfield><subfield code="c">Sydney gales</subfield></datafield><datafield ind1=" " ind2=" " tag="260"><subfield code="a">Paris</subfield><subfield code="b">Universite</subfield><subfield code="c">1976</subfield></datafield><datafield ind1=" " ind2=" " tag="300"><subfield code="a">137P</subfield></datafield><datafield ind1=" " ind2=" " tag="852"><subfield code="a">44926</subfield><subfield code="c">539.17</subfield></datafield><datafield ind1=" " ind2=" " tag="CAT"><subfield code="a">Sys</subfield><subfield code="c">20120618</subfield><subfield code="h">110856</subfield></datafield></record></collection>